@ARTICLE{diggle:spatial,
	AUTHOR = "Peter J. Diggle and Paula Moraga and Barry Rowlingson and Benjamin M. Taylor",
	TITLE = "Spatial and Spatio-Temporal Log-Gaussian Cox Processes: Extending the Geostatistical Paradigm",
	JOURNAL = "Statistical Science",
	VOLUME = {28},
	NUMBER = {4},
	PAGES = {465-660},
	YEAR = {2013}	}

@ARTICLE{stein:spatial,
	AUTHOR = "Michael L. Stein",
	TITLE = "Limitations on low rank approximations for covariance matrices of spatial data",
	JOURNAL = "Spatial Statistics",
	YEAR = {2013}	}

@ARTICLE{lin:chou,
	AUTHOR = "J. H. Lin and T. C. Chou",
	TITLE = "A Geo-Aware and VRP-Based Public Bicycle Redistribution System",
	JOURNAL = "International Journal of Vehicular Technology",
	YEAR = {2012} }

@ARTICLE{bottou:sgd,
	AUTHOR = "Leon Bottou",
	TITLE = "Large-Scale Machine Learning with Stochastic Gradient Descent",
	JOURNAL = "COMPSTAT",
	PAGES = {177-187},
	YEAR = {2010} }

@ARTICLE{cunningham:fastppest,
	AUTHOR = "John P. Cunningham and Krishna V. Shenoy and Maneesh Sahani",
	TITLE = "Fast Gaussian Process Methods for Point Process Intensity Estimation",
	JOURNAL = "International Conference on Machine Learning",
	YEAR = {2008} }

@ARTICLE{moller:coxproc,
	AUTHOR = "Jesper Moller and Anne Randi Syversveen and Rasmus Plenge Waagepetersen",
	TITLE = "Log Gaussian Cox Processes",
	JOURNAL = "Scandinavian Journal of Statistics",
	VOLUME = {25},
	NUMBER = {3},
	PAGES = {451-482},
	YEAR = {1998}	}

@ARTICLE{geyer:likinf,
	AUTHOR = "Charles Geyer",
	TITLE = "Likelihood inference for spatial point processes: Likelihood and computation",
	JOURNAL = "Stochastic Gradient Geometry",
	YEAR = {1999} }

@ARTICLE{chen:lowrank,
	AUTHOR = "Jie Chen and Nannan Cao and Kian Hsiang Low and Ruofei Ouyang and Colin Keng-Yan Tan and Patrick Jaillet",
	TITLE = "Parallel Gaussian Process Regression with Low-Rank Covariance Matrix Approximations",
	JOURNAL = "Uncertainty in Artificial Intelligence",
	YEAR = {2013} }